<?xml version="1.0" encoding="UTF-8"?><collection xmlns="http://www.loc.gov/MARC21/slim"><record><leader>00425nam--2200145-i-4500</leader><controlfield tag="001">000023399</controlfield><controlfield tag="002">20161230</controlfield><controlfield tag="005">20161230201035</controlfield><controlfield tag="008">060222s1000------------r-----000-0-eng-d</controlfield><datafield ind1=" " ind2=" " tag="080"><subfield code="a">620.9:621.039</subfield></datafield><datafield ind1=" " ind2=" " tag="100"><subfield code="a">Inglis, David Pittenhouse</subfield></datafield><datafield ind1=" " ind2=" " tag="245"><subfield code="a">Nuclear energy its ph. and its ssocial challenge</subfield></datafield><datafield ind1=" " ind2=" " tag="260"><subfield code="a">Reading , Mass.,Addison-wesley Publ.Co.,1973. Xiv + 395p</subfield></datafield><datafield ind1=" " ind2=" " tag="490"><subfield code="a">Addison-wesley Series In Ph</subfield></datafield><datafield ind1=" " ind2=" " tag="852"><subfield code="a">41300</subfield></datafield></record></collection>